<record><leader>00000cas a22000007a 4500</leader><controlfield tag="001">16640167</controlfield><controlfield tag="008">870903d183218uuohuwr ne      0    0eng d</controlfield><datafield ind1=" " ind2=" " tag="010"><subfield code="a">sn 87075078 </subfield></datafield><datafield ind1=" " ind2=" " tag="040"><subfield code="a">ONP</subfield><subfield code="b">eng</subfield><subfield code="c">ONP</subfield><subfield code="d">OCLCQ</subfield></datafield><datafield ind1=" " ind2=" " tag="042"><subfield code="a">msc</subfield></datafield><datafield ind1="0" ind2=" " tag="130"><subfield code="a">Waverly Democrat (Waverly, Ohio : 1832)</subfield></datafield><datafield ind1="1" ind2="4" tag="245"><subfield code="a">The Waverly Democrat.</subfield></datafield><datafield ind1="3" ind2="0" tag="246"><subfield code="a">Waverly Democrat, and Pike and Jackson advertiser</subfield></datafield><datafield ind1=" " ind2=" " tag="260"><subfield code="a">Waverly, Ohio :</subfield><subfield code="b">Rutt &amp; Gilbert</subfield></datafield><datafield ind1=" " ind2=" " tag="310"><subfield code="a">Weekly</subfield></datafield><datafield ind1="1" ind2=" " tag="362"><subfield code="a">Began with June 15, 1832 issue.</subfield></datafield><datafield ind1=" " ind2=" " tag="500"><subfield code="a">Published as: Waverly Democrat, and Pike and Jackson advertiser, Oct. 1832-</subfield></datafield><datafield ind1=" " ind2=" " tag="588"><subfield code="a">Description based on: Vol. 1, no. 13 (Sept. 7, 1832).</subfield></datafield><datafield ind1=" " ind2=" " tag="752"><subfield code="a">United States</subfield><subfield code="b">Ohio</subfield><subfield code="c">Pike</subfield><subfield code="d">Waverly.</subfield></datafield></record>